<record><leader>00000cas a22000007a 4500</leader><controlfield tag="001">28919642</controlfield><controlfield tag="008">930930c19939999aruwr ne      0   a0eng d</controlfield><datafield ind1=" " ind2=" " tag="010"><subfield code="a">sn 93006445 </subfield></datafield><datafield ind1=" " ind2=" " tag="040"><subfield code="a">NSD</subfield><subfield code="b">eng</subfield><subfield code="c">NSD</subfield><subfield code="d">OCLCQ</subfield></datafield><datafield ind1=" " ind2=" " tag="012"><subfield code="m">0</subfield></datafield><datafield ind1="1" ind2=" " tag="022"><subfield code="a">1072-3323</subfield><subfield code="l">1072-3323</subfield><subfield code="2">1</subfield></datafield><datafield ind1=" " ind2=" " tag="037"><subfield code="b">Hogskin Communications, POB 720, Main St., Hampton, AR 71744</subfield></datafield><datafield ind1=" " ind2=" " tag="042"><subfield code="a">nsdp</subfield><subfield code="a">msc</subfield></datafield><datafield ind1=" " ind2="0" tag="222"><subfield code="a">South Arkansas sun</subfield></datafield><datafield ind1="0" ind2="0" tag="245"><subfield code="a">South Arkansas sun.</subfield></datafield><datafield ind1=" " ind2=" " tag="260"><subfield code="a">Hampton, Ark. :</subfield><subfield code="b">Hogskin Communications</subfield></datafield><datafield ind1=" " ind2=" " tag="300"><subfield code="a">v.</subfield></datafield><datafield ind1=" " ind2=" " tag="310"><subfield code="a">Weekly</subfield></datafield><datafield ind1="1" ind2=" " tag="362"><subfield code="a">Began in 1993.</subfield></datafield><datafield ind1=" " ind2=" " tag="588"><subfield code="a">Description based on: Vol. 1, no. 8 (Aug. 26, 1993).</subfield></datafield></record>